@misc{Pickl15,
    author = {P. Pickl},
    title = {Stochastik},
    howpublished = {Mitschrift der Vorlesung, erstellt von Dominik Bullach und Hannes F. Funk},
    year = {2015},
    note = {S. 33},
    url = {www.mathematik.uni-muenchen.de/~bohmmech/Teaching/StochastikSoSe17/Stochastik%20Skript.pdf}
}

